@inproceedings{SaMnHi07,
  title={Restricted Boltzmann machines for collaborative filtering},
  author={Salakhutdinov, Ruslan and Mnih, Andriy and Hinton, Geoffrey},
  booktitle={Proceedings of the 24th international conference on Machine learning},
  pages={791--798},
  year={2007},
  organization={ACM}
}

@inproceedings{MnSa07,
  title={Probabilistic matrix factorization},
  author={Mnih, Andriy and Salakhutdinov, Ruslan},
  booktitle={Advances in neural information processing systems},
  pages={1257--1264},
  year={2007}
}

@article{FeHeKh12,
  title={Statistical significance of the Netflix challenge},
  author={Feuerverger, Andrey and He, Yu and Khatri, Shashi and others},
  journal={Statistical Science},
  volume={27},
  number={2},
  pages={202--231},
  year={2012},
  publisher={Institute of Mathematical Statistics}
}

@article{BaRoYo14,
  title={Grades and incentives: assessing competing grade point average measures and postgraduate outcomes},
  author={Bailey, Michael A and Rosenthal, Jeffrey S and Yoon, Albert H},
  journal={Studies in Higher Education},
  number={ahead-of-print},
  pages={1--15},
  year={2014},
  publisher={Taylor \& Francis}
}

@phdthesis{Sa09,
  title={Learning deep generative models},
  author={Salakhutdinov, Ruslan},
  year={2009},
  school={University of Toronto}
}